<?xml version="1.0" encoding="UTF-8"?><collection xmlns="http://www.loc.gov/MARC21/slim"><record><leader>00460nam--2200181-i-4500</leader><controlfield tag="001">000050210</controlfield><controlfield tag="002">20161230</controlfield><controlfield tag="005">20161230201048</controlfield><controlfield tag="008">060222s1000------------r-----000-0-rus-d</controlfield><datafield ind1=" " ind2=" " tag="040"><subfield code="a">IFIN-HH</subfield></datafield><datafield ind1=" " ind2=" " tag="041"><subfield code="a">rus</subfield></datafield><datafield ind1=" " ind2=" " tag="080"><subfield code="a">621.315.59</subfield></datafield><datafield ind1="1" ind2=" " tag="100"><subfield code="a">Bakirov,M.Ia</subfield></datafield><datafield ind1="1" ind2="0" tag="245"><subfield code="a">Elektronnye pribory na osnove tverdogo rastvora ge-si</subfield><subfield code="c">M.ia. bakirov</subfield></datafield><datafield ind1=" " ind2=" " tag="260"><subfield code="a">Baku</subfield><subfield code="b">Elm</subfield><subfield code="c">1986</subfield></datafield><datafield ind1=" " ind2=" " tag="300"><subfield code="a">140 S</subfield></datafield><datafield ind1=" " ind2=" " tag="852"><subfield code="a">73825</subfield><subfield code="c">537.311.33</subfield></datafield><datafield ind1=" " ind2=" " tag="CAT"><subfield code="a">Sys</subfield><subfield code="c">20110728</subfield><subfield code="h">130814</subfield></datafield></record></collection>